<?xml version="1.0" encoding="UTF-8"?><record xmlns="http://www.loc.gov/MARC21/slim" xmlns:cinclude="http://apache.org/cocoon/include/1.0" xmlns:zs="http://www.loc.gov/zing/srw/">
  <leader>00648nz  a2200193n  4500</leader>
  <controlfield tag="001">n  93906444 </controlfield>
  <controlfield tag="003">DLC</controlfield>
  <controlfield tag="005">19970218052202.7</controlfield>
  <controlfield tag="008">970114n| acaaaaaa|          |n ana      </controlfield>
  <datafield tag="010" ind1=" " ind2=" ">
    <subfield code="a">n  93906444 </subfield>
  </datafield>
  <datafield tag="040" ind1=" " ind2=" ">
    <subfield code="a">DLC</subfield>
    <subfield code="c">DLC</subfield>
  </datafield>
  <datafield tag="130" ind1=" " ind2="0">
    <subfield code="a">Navajīvana granthamāla</subfield>
  </datafield>
  <datafield tag="642" ind1=" " ind2=" ">
    <subfield code="a">1</subfield>
    <subfield code="5">microfilm</subfield>
  </datafield>
  <datafield tag="643" ind1=" " ind2=" ">
    <subfield code="a">Madrāsu :</subfield>
    <subfield code="b">Viśvabhārati</subfield>
    <subfield code="d">microfilm</subfield>
  </datafield>
  <datafield tag="644" ind1=" " ind2=" ">
    <subfield code="a">f</subfield>
    <subfield code="5">microfilm</subfield>
  </datafield>
  <datafield tag="645" ind1=" " ind2=" ">
    <subfield code="a">t</subfield>
    <subfield code="5">microfilm</subfield>
  </datafield>
  <datafield tag="646" ind1=" " ind2=" ">
    <subfield code="a">s</subfield>
    <subfield code="5">microfilm</subfield>
  </datafield>
  <datafield tag="667" ind1=" " ind2=" ">
    <subfield code="a">Microfilm. New Delhi : Library of Congress Office ; Chicago : Available from Center for Research Libraries, 1996.</subfield>
  </datafield>
  <datafield tag="670" ind1=" " ind2=" ">
    <subfield code="a">Microfilm/Annapūrṇamandiramu, 1931:</subfield>
    <subfield code="b">t.p. verso (Navajīvana granthamāla-1)</subfield>
  </datafield>
</record>